@online{XR_market,
  title        = {Augmented Reality and Virtual Reality Market},
  author       = {},
  url          = {https://reurl.cc/WLaNp9},
  year         = {2018},
  lastaccessed = {Nov. 11, 2021}
}

@online{meta,
  author       = {{Meta}},
  title        = {Meta},
  url          = {https://about.facebook.com/meta/},
  year         = {2021},
  lastaccessed = {Nov 11, 2021}
}

@online{google_AR_VR,
  author       = {{Google}},
  title        = {Google AR and VR},
  url          = {https://arvr.google.com/},
  year         = {2021},
  lastaccessed = {Nov 11, 2021}
}

@online{tmiv_gitlab,
  author       = {MPEG},
  title        = {The gitlab of MPEG test model for immersive video},
  url          = {https://gitlab.com/mpeg-i-visual/tmiv/-/tree/v10.0.1},
  year         = {2019},
  lastaccessed = {Sep 3, 2021}
}

@online{MPEG_MIV_web,
  author       = {MPEG},
  title        = {MPEG Immersive Video},
  url          = {https://mpeg.chiariglione.org/standards/mpeg-i/immersive-video},
  year         = {2021},
  lastaccessed = {Sep 3, 2021}
}

@misc{tmiv_doc,
  title        = {{Test Model 10 for MPEG Immersive Video}},
  author       = {Basel Salahieh and Joel Jung and Adrian Dziembowski},
  howpublished = {International Organization for Standardization Meeting Document {ISO}/{IEC} {JTC1}/{SC29}/{WG04} N0112},
  year         = {2021}
}

@article{MJRD+20,
  title={Immersive Light Field Video with a Layered Mesh Representation},
  author={Michael Broxton and John Flynn and Ryan Overbeck and Daniel Erickson and Peter Hedman and Matthew DuVall and Jason Dourgarian and Jay Busch and Matt Whalen and Paul Debevec},
  booktitle={ACM Transactions on Graphics (Proc. SIGGRAPH)},
  publisher = {ACM},
  journal = {XXX},
  volume = {39},
  number = {4},
  pages = {86:1--86:15},
  year={2020}
}

@article{BDDF+21,
  title     = {MPEG Immersive Video Coding Standard},
  author    = {Boyce, Jill M and Dor{\'e}, Renaud and Dziembowski, Adrian and Fleureau, Julien and Jung, Joel and Kroon, Bart and Salahieh, Basel and Vadakital, Vinod Kumar Malamal and Yu, Lu},
  journal   = {Proceedings of the IEEE},
  year      = {2021},
  publisher = {IEEE}
}

@article{WYTC12,
  author={Wu, Zhenyu and Yu, Hongyang and Tang, Bin and Chen, Chang Wen},
  journal={IEEE Transactions on Broadcasting}, 
  title={Adaptive Initial Quantization Parameter Determination for H.264/AVC Video Transcoding}, 
  year={2012},
  volume={58},
  number={2},
  pages={277-284},
  doi={10.1109/TBC.2011.2182430}
}

@article{ZM01,
  author={Zhihai He and Mitra, S.K.},
  journal={IEEE Transactions on Circuits and Systems for Video Technology}, 
  title={A unified rate-distortion analysis framework for transform coding}, 
  year={2001},
  volume={11},
  number={12},
  pages={1221-1236},
  doi={10.1109/76.974677}
}

@article{SCB21,
  author={Salahieh, Basel and Cochran, Wayne and Boyce, Jill},
  journal={XXX}, 
  title={Delivering Object-Based Immersive Video Experiences}, 
  year={2021},
  volume={},
  number={},
  pages={103-1-103-8(8)},
  doi={10.2352/ISSN.2470-1173.2021.18.3DIA-103}
}

@inproceedings{PZAB16,
  author={Papadopoulos, Miltiadis Alexios and Zhang, Fan and Agrafiotis, Dimitris and Bull, David},
  booktitle={2016 IEEE International Conference on Image Processing (ICIP)}, 
  title={An adaptive QP offset determination method for HEVC}, 
  year={2016},
  volume={},
  number={},
  pages={4220-4224},
  doi={10.1109/ICIP.2016.7533155}
}

@inproceedings{CDSF18,
  author = {Corbillon, Xavier and De Simone, Francesca and Simon, Gwendal and Frossard, Pascal},
  title = {Dynamic Adaptive Streaming for Multi-Viewpoint Omnidirectional Videos},
  year = {2018},
  isbn = {9781450351928},
  publisher = {Association for Computing Machinery},
  address = {New York, NY, USA},
  url = {https://doi.org/10.1145/3204949.3204968},
  doi = {10.1145/3204949.3204968},
  booktitle = {Proceedings of the 9th ACM Multimedia Systems Conference},
  pages = {237–249},
  numpages = {13},
  keywords = {viewport adaptive streaming, omnidirectional video, multi-viewpoint 360-degree video, discrete 6DoF},
  location = {Amsterdam, Netherlands},
  series = {MMSys '18}
}

@incollection{airsim,
  author    = {Shital Shah and Debadeepta Dey and Chris Lovett and Ashish Kapoor},
  booktitle = {Field and Service Robotics},
  title     = {AirSim: High-Fidelity Visual and Physical Simulation for Autonomous Vehicles},
  pages     = {621--635},
  month     = {November},
  publisher = {Springer},
  year      = {2018}
}

@online{UE_marketplace,
  author       = {{Epic Games}},
  title        = {Unreal Engine marketplace},
  url          = {https://www.unrealengine.com/marketplace/en-US/store},
  year         = {2021},
  lastaccessed = {Sep 3, 2021}
}

@article{jung2020common,
  title={Common Test Conditions for MPEG Immersive Video},
  author={Jung, J and Kroon, B and Boyce, J},
  journal={ISO/IEC JTC 1/SC 29/WG 11 N19484},
  year={2020}
}

@inproceedings{CWQP+21,
  author    = {Cai, Yangang and Wang, Ronggang and Qiu, Ke and Peng, Rui and Cheng, Zhipeng and Wang, Qi},
  booktitle = {Proc. of {IEEE} International Conference on Multimedia Expo Workshops (ICMEW'21)},
  title     = {Depth Map Video Compression Performance Evaluation For Ieee 1857.9},
  pages     = {1-6},
  month     = {July},
  year      = {2021},
  address   = {Shenzhen, China},
  doi       = {10.1109/ICMEW53276.2021.9455977}
}

@inproceedings{SH17,
  author    = {Schwarz, Sebastian and Hannuksela, M.},
  booktitle = {Proc. of {IEEE} International Conference on Image Processing (ICIP'17)},
  title     = {Perceptual quality assessment of HEVC main profile depth map compression for six degrees of freedom virtual reality video},
  pages     = {181-185},
  month     = {September},
  year      = {2017},
  address   = {Beijing, China},
  doi       = {10.1109/ICIP.2017.8296267}
}

@inproceedings{FBSL18,
  author    = {Fachada, Sarah and Bonatto, Daniele and Schenkel, Arnaud and Lafruit, Gauthier},
  booktitle = {Proc. of {IEEE} International Conference on 3D Immersion (IC3D)},
  title     = {Free Navigation in Natural Scenery With DIBR: RVS and VSRS in MPEG-I Standardization},
  pages     = {1-6},
  month     = {December},
  year      = {2018},
  doi       = {10.1109/IC3D.2018.8657912}
}

@inproceedings{JLRL+20,
  author    = {Jeong, J. and Lee, S. and Ryu, I. and Le, T. and Ryu, E.},
  booktitle = {Proc. of the {ACM} International Conference on Multimedia (MM '20)},
  title     = {Towards Viewport-Dependent 6DoF 360 Video Tiled Streaming for Virtual Reality Systems},
  pages     = {3687–3695},
  month     = {October},
  year      = {2020},
  address   = {New York, NY, USA},
  doi       = {10.1145/3394171.3413712}
}

@inproceedings{SBB19,
  author    = {Salahieh, Basel and Bhatia, Sumit and Boyce, Jill},
  booktitle = {Proc. of {IEEE} International Conference on Picture Coding Symposium (PCS)},
  title     = {Multi-Pass Renderer in MPEG Test Model for Immersive Video},
  pages     = {1-5},
  month     = {November},
  year      = {2019},
  doi       = {10.1109/PCS48520.2019.8954515}
}

@inproceedings{RJL18,
  author    = {Ray, B. and Jung, J. and Larabi, M.},
  booktitle = {Proc. of European Signal Processing Conference (EUSIPCO'18)},
  title     = {On the possibility to achieve 6-DoF for 360 video using divergent multi-view content},
  pages     = {211-215},
  month     = {September},
  year      = {2018},
  address   = {Rome, Italy},
  doi       = {10.23919/EUSIPCO.2018.8553397}
}

@inproceedings{SDM21,
  author    = {Szekiełda, Jakub and Dziembowski, Adrian and Mieloch, Dawid},
  booktitle = {Proc. of {WSCG} International Conference on Computer Graphics, Visualization and Computer Vision},
  title     = {The Influence of Coding Tools on Immersive Video Coding},
  month     = {May},
  year      = {2021},
  address   = {Pilsen (Plzen), Czech Republic},
  doi       = {10.24132/CSRN.2021.3002.21}
}